
@Manual{bates2014lme4,
  title= {{lme4: Linear mixed-effects models using Eigen and S4}},
  author={D Bates and M Maechler and B Bolker and S Walker},
  year=2014,
  note = {R package version 1.1-7},
  url={http://CRAN.R-project.org/package=lme4}
}

@Manual{butler2009asreml,
    title = {{asreml: asreml() fits the linear mixed model}},
    author = {David Butler},
    year = {2009},
    note = {R package version 3.0},
    url = {www.vsni.co.uk},
  }

@article{ehrenberg1977rudiments,
  title={Rudiments of Numeracy},
  author={Ehrenberg, A. S. C.},
  journal={Journal of the Royal Statistical Society. Series A},
  pages={277--297},
  year={1977}
}

@article{finney1988data,
  title={Was this in your statistics textbook? {II}. {Data} handling},
  author={Finney, D. J.},
  journal={Experimental agriculture},
  volume={24},
  pages={343--353},
  year={1988}
}

@article{gelman2011tables,
  title =        {Tables as graphs: the {Ramanujan} principle},
  author =       {Gelman, Andrew},
  journal =      {Significance},
  volume =       8,
  pages =        {183--183},
  year =         2011
}

@Manual{pinheiro2014nlme,
    title = {{nlme}: Linear and Nonlinear Mixed Effects Models},
    author = {Jose Pinheiro and Douglas Bates and Saikat DebRoy and Deepayan Sarkar and {R Core Team}},
    year = {2014},
    note = {R package version 3.1-118},
    url = {http://CRAN.R-project.org/package=nlme},
  }


@article{wainer1997improving,
  title =        {Improving tabular displays, with {NAEP} tables as examples
                  and inspirations},
  author =       {Wainer, Howard},
  journal =      {Journal of Educational and Behavioral Statistics},
  volume =       22,
  number =       1,
  pages =        {1--30},
  year =         1997,
  publisher =    {Sage Publications},
  doi =          {10.3102/10769986022001001}
}

@article{wainer2009centenary,
  title={A Centenary Celebration for Will Burtin: A Pioneer of Scientific Visualization},
  author={Wainer, Howard},
  journal={Chance},
  volume={22},
  number={1},
  pages={51--55},
  year={2009},
  doi={10.1080/09332480.2009.10722947},
  url={http://chance.amstat.org/2009/02/visrev221/}
}

@article{wainer2009pictures,
  title={Pictures at an Exhibition},
  author={Wainer, Howard and Larsen, Mike},
  journal={Chance},
  volume={22},
  number={2},
  pages={46--54},
  year={2009},
  doi={10.1080/09332480.2009.10722958},
  url={http://chance.amstat.org/2009/04/visrev222/}
}
